@article{katrutsa2015stress,
  title={Stress test procedure for feature selection algorithms},
  author={Katrutsa, AM and Strijov, VV},
  journal={Chemometrics and Intelligent Laboratory Systems},
  volume={142},
  pages={172--183},
  year={2015},
  publisher={Elsevier}
}