@article{haber2017stable,
  title={Stable architectures for deep neural networks},
  author={Haber, Eldad and Ruthotto, Lars},
  journal={Inverse Problems},
  volume={34},
  number={1},
  pages={014004},
  year={2017},
  publisher={IOP Publishing}
}

@article{katrutsa2015stress,
  title={Stress test procedure for feature selection algorithms},
  author={Katrutsa, AM and Strijov, VV},
  journal={Chemometrics and Intelligent Laboratory Systems},
  volume={142},
  pages={172--183},
  year={2015},
  publisher={Elsevier}
}
@incollection{chernousova2014linear,
  title={Linear regression via Elastic Net: Non-enumerative leave-one-out verification of feature selection},
  author={Chernousova, Elena and Razin, Nikolay and Krasotkina, Olga and Mottl, Vadim and Windridge, David},
  booktitle={Clusters, Orders, and Trees: Methods and Applications},
  pages={377--390},
  year={2014},
  publisher={Springer}
}
@inproceedings{wang2018learning,
  title={Learning credible models},
  author={Wang, Jiaxuan and Oh, Jeeheh and Wang, Haozhu and Wiens, Jenna},
  booktitle={Proceedings of the 24th ACM SIGKDD International Conference on Knowledge Discovery \& Data Mining},
  pages={2417--2426},
  year={2018}
}
@article{tibshirani1996regression,
  title={Regression shrinkage and selection via the lasso},
  author={Tibshirani, Robert},
  journal={Journal of the Royal Statistical Society: Series B (Methodological)},
  volume={58},
  number={1},
  pages={267--288},
  year={1996},
  publisher={Wiley Online Library}
}
@article{zou2005regularization,
  title={Regularization and variable selection via the elastic net},
  author={Zou, Hui and Hastie, Trevor},
  journal={Journal of the royal statistical society: series B (statistical methodology)},
  volume={67},
  number={2},
  pages={301--320},
  year={2005},
  publisher={Wiley Online Library}
}

@inproceedings{lukas1992methods,
  title={Methods for choosing the regularization parameter},
  author={Lukas, Mark A and others},
  booktitle={Mini Conference on Inverse Problems in Partial Differential Equations},
  pages={89--110},
  year={1992},
  organization={Centre for Mathematics and its Applications, Mathematical Sciences Institute~â€¦}
}
@article{tikhonov1977solutions,
  title={Solutions of ill-posed problems},
  author={Tikhonov, Andrey N and Arsenin, Vasiliy Y},
  journal={New York},
  pages={1--30},
  year={1977}
}
@article{svensen2007pattern,
  title={Pattern Recognition and Machine Learning},
  author={Svens{\'e}n, Markus and Bishop, Christopher M},
  year={2007}
}